<record><leader>00000cas a22000007a 4500</leader><controlfield tag="001">11696685</controlfield><controlfield tag="008">850214d19411962mtudn ne      0    0eng d</controlfield><datafield ind1=" " ind2=" " tag="010"><subfield code="a">sn 85053041 </subfield></datafield><datafield ind1=" " ind2=" " tag="040"><subfield code="a">MTL</subfield><subfield code="b">eng</subfield><subfield code="c">MTL</subfield><subfield code="d">OCLCQ</subfield></datafield><datafield ind1=" " ind2=" " tag="042"><subfield code="a">msc</subfield></datafield><datafield ind1="0" ind2="4" tag="245"><subfield code="a">The Dillon daily tribune.</subfield></datafield><datafield ind1=" " ind2=" " tag="260"><subfield code="a">Dillon, Mont. :</subfield><subfield code="b">Tribune Pub. Co.,</subfield><subfield code="c">1941-1962.</subfield></datafield><datafield ind1=" " ind2=" " tag="300"><subfield code="a">22 v. :</subfield><subfield code="b">ill. ;</subfield><subfield code="c">44-59 cm.</subfield></datafield><datafield ind1=" " ind2=" " tag="310"><subfield code="a">Daily (except Sat. &amp; Sun.),</subfield><subfield code="b">Jan. 17, 1949-Nov. 21, 1962</subfield></datafield><datafield ind1=" " ind2=" " tag="321"><subfield code="a">Daily (except Thurs., Sat. &amp; Sun.),</subfield><subfield code="b">Aug. 1, 1941-Jan. 14, 1949</subfield></datafield><datafield ind1="0" ind2=" " tag="362"><subfield code="a">Vol. 61, no. 1 (Aug. 1, 1941)-v. 82, no. 91 (Nov. 21, 1962).</subfield></datafield><datafield ind1=" " ind2=" " tag="500"><subfield code="a">"Official publication of Beaverhead County," Mar. 8, 1942-Mar. 6, 1945.</subfield></datafield><datafield ind1=" " ind2=" " tag="752"><subfield code="a">United States</subfield><subfield code="b">Montana</subfield><subfield code="c">Beaverhead</subfield><subfield code="d">Dillon.</subfield></datafield><datafield ind1="0" ind2="0" tag="780"><subfield code="t">Dillon tribune</subfield><subfield code="w">(DLC)sn 85053040</subfield></datafield><datafield ind1="0" ind2="7" tag="785"><subfield code="t">Dillon examiner (Dillon, Mont. : 1891)</subfield><subfield code="w">(DLC)sn 85053034</subfield></datafield><datafield ind1="0" ind2="7" tag="785"><subfield code="t">Dillon daily tribune-examiner</subfield><subfield code="w">(DLC)sn 85053035</subfield></datafield></record>